<record><leader>00000cas a2200000 a 4500</leader><controlfield tag="001">3383695</controlfield><controlfield tag="008">771101d19402008mtuwr ne      0    0eng c</controlfield><datafield ind1=" " ind2=" " tag="010"><subfield code="a">sn 86075098 </subfield></datafield><datafield ind1=" " ind2=" " tag="040"><subfield code="a">MUL</subfield><subfield code="b">eng</subfield><subfield code="c">MUL</subfield><subfield code="d">MTL</subfield><subfield code="d">AGL</subfield><subfield code="d">OCL</subfield><subfield code="d">OCLCQ</subfield><subfield code="d">CUV</subfield><subfield code="d">TXA</subfield><subfield code="d">OCLCA</subfield><subfield code="d">OCLCQ</subfield><subfield code="d">OCLCF</subfield><subfield code="d">OCLCO</subfield></datafield><datafield ind1="1" ind2=" " tag="029"><subfield code="a">AU@</subfield><subfield code="b">000020037356</subfield></datafield><datafield ind1=" " ind2=" " tag="042"><subfield code="a">pcc</subfield></datafield><datafield ind1=" " ind2=" " tag="043"><subfield code="a">n-us---</subfield><subfield code="a">n-usp--</subfield></datafield><datafield ind1=" " ind2="4" tag="050"><subfield code="a">SF51</subfield><subfield code="b">.W41x</subfield></datafield><datafield ind1="0" ind2=" " tag="070"><subfield code="a">286.85</subfield><subfield code="b">W523</subfield></datafield><datafield ind1=" " ind2="0" tag="072"><subfield code="a">L100</subfield></datafield><datafield ind1="0" ind2="0" tag="245"><subfield code="a">Western livestock reporter.</subfield></datafield><datafield ind1=" " ind2=" " tag="260"><subfield code="a">Spokane, Wash. :</subfield><subfield code="b">N.G. Warsinske,</subfield><subfield code="c">1940-2008.</subfield></datafield><datafield ind1=" " ind2=" " tag="300"><subfield code="a">68 v. :</subfield><subfield code="b">ill. ;</subfield><subfield code="c">43 cm.</subfield></datafield><datafield ind1=" " ind2=" " tag="310"><subfield code="a">Weekly</subfield></datafield><datafield ind1="0" ind2=" " tag="362"><subfield code="a">Vol. 1, no. 1 (Sept. 6, 1940)-Sixty eighth year, no. 6 (Sept. 24, 2008).</subfield></datafield><datafield ind1=" " ind2=" " tag="500"><subfield code="a">Issues for &lt;1991&gt;-2008 published: P.K. Goggins, Billings Mont.</subfield></datafield><datafield ind1=" " ind2=" " tag="515"><subfield code="a">Volume numbering appears inconsistently; dropped entirely with issues for &lt;1996-&gt;.</subfield></datafield><datafield ind1=" " ind2=" " tag="580"><subfield code="a">Merged with: Agri-news to form: Western Ag Reporter.</subfield></datafield><datafield ind1=" " ind2="0" tag="650"><subfield code="a">Livestock</subfield><subfield code="z">United States</subfield><subfield code="v">Periodicals.</subfield></datafield><datafield ind1=" " ind2="0" tag="650"><subfield code="a">Livestock breeders</subfield><subfield code="z">United States</subfield><subfield code="v">Periodicals.</subfield></datafield><datafield ind1=" " ind2="0" tag="650"><subfield code="a">Livestock breeders</subfield><subfield code="z">West (U.S.)</subfield><subfield code="v">Periodicals.</subfield></datafield><datafield ind1=" " ind2="7" tag="655"><subfield code="a">Periodicals.</subfield><subfield code="2">fast</subfield><subfield code="0">(OCoLC)fst01411641</subfield></datafield><datafield ind1=" " ind2="7" tag="650"><subfield code="a">Livestock.</subfield><subfield code="2">fast</subfield><subfield code="0">(OCoLC)fst01000722</subfield></datafield><datafield ind1=" " ind2="7" tag="650"><subfield code="a">Livestock breeders.</subfield><subfield code="2">fast</subfield><subfield code="0">(OCoLC)fst01000875</subfield></datafield><datafield ind1=" " ind2="7" tag="651"><subfield code="a">United States.</subfield><subfield code="2">fast</subfield><subfield code="0">(OCoLC)fst01204155</subfield></datafield><datafield ind1=" " ind2="7" tag="651"><subfield code="a">United States, West.</subfield><subfield code="2">fast</subfield><subfield code="0">(OCoLC)fst01243255</subfield></datafield><datafield ind1="0" ind2=" " tag="770"><subfield code="t">Northwest livestock directory</subfield><subfield code="g">1954-1960</subfield></datafield><datafield ind1="0" ind2=" " tag="770"><subfield code="t">Northwest livestock annual</subfield><subfield code="g">1961-1964</subfield></datafield><datafield ind1="0" ind2=" " tag="770"><subfield code="t">Western livestock reporter annual</subfield><subfield code="g">1965-1975</subfield></datafield><datafield ind1="0" ind2=" " tag="770"><subfield code="t">Western livestock reporter. Breeder edition</subfield><subfield code="g">1976-2000</subfield></datafield><datafield ind1="0" ind2=" " tag="770"><subfield code="t">Western livestock reporter. Herd reference edition</subfield><subfield code="g">2001-2007</subfield><subfield code="w">(OCoLC)56105481</subfield></datafield><datafield ind1="1" ind2="7" tag="785"><subfield code="t">Agri-news (Billings, Mont)</subfield><subfield code="x">1098-9579</subfield><subfield code="w">(DLC)sn 86075099</subfield><subfield code="w">(OCoLC)13378459</subfield></datafield><datafield ind1="1" ind2="7" tag="785"><subfield code="t">Western ag reporter</subfield><subfield code="w">(DLC)  2008263557</subfield><subfield code="w">(OCoLC)261340065</subfield></datafield><datafield ind1=" " ind2=" " tag="850"><subfield code="a">DNAL</subfield></datafield></record>